
@article{longcore1999batrachochytrium,
  title={Batrachochytrium dendrobatidis gen. et sp. nov., a chytrid pathogenic to amphibians},
  author={Longcore, Joyce E and Pessier, Allan P and Nichols, Donald K},
  journal={Mycologia},
  volume={91},
  number={2},
  pages={219--227},
  year={1999},
  publisher={Taylor \& Francis}
}

@article{ohanlon2018recent,
  title={Recent Asian origin of chytrid fungi causing global amphibian declines},
  author={Oâ€™Hanlon, Simon J and Rieux, Adrien and Farrer, Rhys A and Rosa, Gon{\c{c}}alo M and Waldman, Bruce and Bataille, Arnaud and Kosch, Tiffany A and Murray, Kris A and Brankovics, Bal{\'a}zs and Fumagalli, Matteo and others},
  journal={Science},
  volume={360},
  number={6389},
  pages={621--627},
  year={2018},
  publisher={American Association for the Advancement of Science}
}

@article{rodder2009global,
  title={Global amphibian extinction risk assessment for the panzootic chytrid fungus},
  author={R{\"o}dder, Dennis and Kielgast, Jos and Bielby, Jon and Schmidtlein, Sebastian and Bosch, Jaime and Garner, Trenton WJ and Veith, Michael and Walker, Susan and Fisher, Matthew C and L{\"o}tters, Stefan},
  journal={Diversity},
  volume={1},
  number={1},
  pages={52--66},
  year={2009},
  publisher={Molecular Diversity Preservation International}
}

@article{scheele2019amphibian,
  title={Amphibian fungal panzootic causes catastrophic and ongoing loss of biodiversity},
  author={Scheele, Ben C and Pasmans, Frank and Skerratt, Lee F and Berger, Lee and Martel, AN and Beukema, Wouter and Acevedo, Aldemar A and Burrowes, Patricia A and Carvalho, Tamilie and Catenazzi, Alessandro and others},
  journal={Science},
  volume={363},
  number={6434},
  pages={1459--1463},
  year={2019},
  publisher={American Association for the Advancement of Science}
}

@article{voyles2009pathogenesis,
  title={Pathogenesis of chytridiomycosis, a cause of catastrophic amphibian declines},
  author={Voyles, Jamie and Young, Sam and Berger, Lee and Campbell, Craig and Voyles, Wyatt F and Dinudom, Anuwat and Cook, David and Webb, Rebecca and Alford, Ross A and Skerratt, Lee F and others},
  journal={Science},
  volume={326},
  number={5952},
  pages={582--585},
  year={2009},
  publisher={American Association for the Advancement of Science}
}
