@article{scheele2019amphibian,
  title={Amphibian fungal panzootic causes catastrophic and ongoing loss of biodiversity},
  author={Scheele, Ben C and Pasmans, Frank and Skerratt, Lee F and Berger, Lee and Martel, An and Beukema, Wouter and Acevedo, Aldemar A and Burrowes, Patricia A and Carvalho, Tamilie and Catenazzi, Alessandro and De la Riva, Ignacio and Fisher, Matthew C and Flechas, Sandra V and Foster, Claire N and Frías-Álvarez, Patricia and Garner, Trenton W J and Gratwicke, Brian and Guayasamin, Juan M and Hirschfeld, Mareike and Kolby, Jonathan E and Kosch, Tiffany A and La Marca, Enrique and Lindenmayer, David B and Lips, Karen R and Longo, Ana V and Maneyro, Raúl and McDonald, Cait A and Mendelson, Joseph and Palacios-Rodriguez, Pablo and Parra-Olea, Gabriela and Richards-Zawacki, Corinne L and Rödel, Mark-Oliver and Rovito, Sean M and Soto-Azat, Claudio and Toledo, Luís Felipe and Voyles, Jamie and Weldon, Ché and Whitfield, Steven M and Wilkinson, Mark and Zamudio, Kelly R and Canessa, Stefano},
  journal={Science},
  volume={363},
  number={6434},
  pages={1459--1463},
  year={2019},
  publisher={American Association for the Advancement of Science}
}

@article{knapp2016,
	title = {Large-scale recovery of an endangered amphibian despite ongoing exposure to multiple stressors},
	author = {Knapp, Roland A and Fellers, Gary M and Kleeman, Patrick M and Miller, David A W and Vredenburg, Vance T and Rosenblum, Erica Bree and Briggs, Cheryl J},
	year = {2016},
	month = {10},
	date = {2016-10},
	journal = {Proceedings of the National Academy of Sciences USA},
	pages = {11889{\textendash}11894},
	volume = {113},
	number = {42},
	doi = {10.1073/pnas.1600983113},
	url = {http://www.pnas.org/content/113/42/11889.abstract}
}
